@online{web:nist-cloud,
  author = "{National Institute of Standards and Technology}",
  title = "National Institute of Standards and Technology - definice term√≠nu: cloud computing",
  cited = "27.\,5.\,2011",
  year = 2011,
  url = "http://www.nist.gov/itl/cloud/index.cfm",
}

@Misc{web:amazon-ec2,
  author  = "{Amazon}",
  title   = "Amazon Elastic Compute Cloud",
  cited = "27.\,5.\,2011",
  year = 2011,
  url = "http://aws.amazon.com/ec2/",
}

@online{web:royal-wedding,
  author = "{Google}",
  title = "Royal Wedding Bells in the Cloud",
  cited = "27.\,5.\,2011",
  year = 2010,
  url = "http://googleappengine.blogspot.com/2011/05/royal-wedding-bells-in-cloud.html",
}

@online{web:whitehouse-app,
  author = "{Google}",
  title = "Google Developer Products Help WhiteHouse.gov Connect With America",
  cited = "27.\,5.\,2011",
  year = 2009,
  url = "http://googlecode.blogspot.com/2009/04/google-developer-products-help.html",
}

@online{web:jpa,
  author = "{Oracle}",
  title = "The Java Persistence API - A Simpler Programming Model for Entity Persistence",
  cited = "27.\,5.\,2011",
  year = 2006,
  url = "http://www.oracle.com/technetwork/articles/javaee/jpa-137156.html",
}

@online{web:jdo,
  author = "{Apache Software Foundation}",
  title = "Java Data Objects",
  cited = "27.\,5.\,2011",
  year = 2005,
  url = "http://db.apache.org/jdo/index.html",
}

@online{web:datastore-api,
  author = "{Google}",
  title = "Datastore API",
  cited = "27.\,5.\,2011",
  year = 2011,
  url = "http://code.google.com/appengine/docs/java/datastore/",
}

@online{web:slim3,
  author = "{Slim3}",
  title = "Slim3 Framework",
  cited = "27.\,5.\,2011",
  year = 2009,
  url = "http://sites.google.com/site/slim3appengine/",
}

@online{web:app-engine,
  author = "{Google}",
  title = "App Engine Java Documentation",
  cited = "27.\,5.\,2011",
  year = 2009,
  url = "http://code.google.com/appengine/docs/java/overview.html",
}
